<record><leader>00000cas a22000007a 4500</leader><controlfield tag="001">13175215</controlfield><controlfield tag="008">860220d18421851tnuir ne      0    0eng  </controlfield><datafield ind1=" " ind2=" " tag="010"><subfield code="a">sn 86071114 </subfield></datafield><datafield ind1=" " ind2=" " tag="040"><subfield code="a">DLC</subfield><subfield code="b">eng</subfield><subfield code="c">DLC</subfield><subfield code="d">NPX</subfield><subfield code="d">ANU</subfield><subfield code="d">TGN</subfield><subfield code="d">OCL</subfield><subfield code="d">OCLCO</subfield><subfield code="d">OCLCQ</subfield><subfield code="d">OCLCF</subfield></datafield><datafield ind1="1" ind2=" " tag="029"><subfield code="a">AU@</subfield><subfield code="b">000020127895</subfield></datafield><datafield ind1=" " ind2=" " tag="042"><subfield code="a">msc</subfield></datafield><datafield ind1=" " ind2=" " tag="043"><subfield code="a">n-us-tn</subfield></datafield><datafield ind1="0" ind2="0" tag="050"><subfield code="a">Newspaper 9844</subfield></datafield><datafield ind1="0" ind2="4" tag="245"><subfield code="a">The Tri-weekly Memphis enquirer.</subfield></datafield><datafield ind1=" " ind2=" " tag="260"><subfield code="a">Memphis [Tenn.] :</subfield><subfield code="b">McMahon, Moseley &amp; Dooley</subfield></datafield><datafield ind1=" " ind2=" " tag="300"><subfield code="a">v. :</subfield><subfield code="b">ill. (chiefly advertisements) ;</subfield><subfield code="c">59 cm.</subfield></datafield><datafield ind1=" " ind2=" " tag="310"><subfield code="a">Triweekly</subfield></datafield><datafield ind1="1" ind2=" " tag="362"><subfield code="a">Began in 1842; ceased in 1851.</subfield></datafield><datafield ind1=" " ind2=" " tag="500"><subfield code="a">Publishers: McMahon, Mosley &amp; Dooley, 1843-1845; D.O. Dooley, &lt;1846&gt;; R.J. Yancey &amp; Co., &lt;1849&gt;-1850; D.O. Dooley, &lt;1850&gt;</subfield></datafield><datafield ind1=" " ind2=" " tag="530"><subfield code="a">Available on microfilm from Tennessee State Library and Archives.</subfield></datafield><datafield ind1=" " ind2=" " tag="580"><subfield code="a">Merged with: Memphis eagle, to form: Tri-weekly eagle and enquirer.</subfield></datafield><datafield ind1=" " ind2=" " tag="580"><subfield code="a">Weekly ed.: Memphis enquirer.</subfield></datafield><datafield ind1=" " ind2=" " tag="588"><subfield code="a">Description based on: Vol. 2, no. 1 (Dec. 7, 1843).</subfield></datafield><datafield ind1=" " ind2="0" tag="651"><subfield code="a">Memphis (Tenn.)</subfield><subfield code="v">Newspapers.</subfield></datafield><datafield ind1=" " ind2="0" tag="651"><subfield code="a">Shelby County (Tenn.)</subfield><subfield code="v">Newspapers.</subfield></datafield><datafield ind1=" " ind2="7" tag="655"><subfield code="a">Newspapers.</subfield><subfield code="2">fast</subfield><subfield code="0">(OCoLC)fst01423814</subfield></datafield><datafield ind1=" " ind2="7" tag="651"><subfield code="a">Tennessee</subfield><subfield code="z">Memphis.</subfield><subfield code="2">fast</subfield><subfield code="0">(OCoLC)fst01204194</subfield></datafield><datafield ind1=" " ind2="7" tag="651"><subfield code="a">Tennessee</subfield><subfield code="z">Shelby County.</subfield><subfield code="2">fast</subfield><subfield code="0">(OCoLC)fst01209894</subfield></datafield><datafield ind1=" " ind2=" " tag="752"><subfield code="a">United States</subfield><subfield code="b">Tennessee</subfield><subfield code="c">Shelby</subfield><subfield code="d">Memphis.</subfield></datafield><datafield ind1="0" ind2=" " tag="775"><subfield code="t">Daily enquirer (Memphis, Tenn.)</subfield><subfield code="w">(DLC)sn 91050135</subfield></datafield><datafield ind1="0" ind2=" " tag="775"><subfield code="t">Daily Memphis enquirer</subfield><subfield code="w">(DLC)sn 86071115</subfield></datafield><datafield ind1="1" ind2=" " tag="775"><subfield code="t">Memphis enquirer</subfield><subfield code="w">(DLC)sn 86071395</subfield></datafield><datafield ind1="1" ind2="7" tag="785"><subfield code="t">Memphis eagle</subfield><subfield code="w">(DLC)sn 86071398</subfield></datafield><datafield ind1="1" ind2="7" tag="785"><subfield code="t">Tri-weekly eagle and enquirer</subfield><subfield code="w">(DLC)sn 86071399</subfield></datafield></record>